<record><leader>01966nam a2200445 i 4500</leader><controlfield tag="001">6799712</controlfield><controlfield tag="003">StDuBDS</controlfield><controlfield tag="005">20150101193056.0</controlfield><controlfield tag="006">m||||||||d||||||||</controlfield><controlfield tag="007">cr |||||||||||</controlfield><controlfield tag="008">140219s2015    enk    fo|    001|0|eng|d</controlfield><datafield ind1=" " ind2=" " tag="020"><subfield code="a">9781781381588 (ebook) :</subfield><subfield code="c">No price</subfield></datafield><datafield ind1=" " ind2=" " tag="035"><subfield code="a">ocn902984663</subfield></datafield><datafield ind1=" " ind2=" " tag="039"><subfield code="a">exclude</subfield></datafield><datafield ind1=" " ind2=" " tag="040"><subfield code="a">StDuBDS</subfield><subfield code="b">eng</subfield><subfield code="c">StDuBDS</subfield><subfield code="e">rda</subfield><subfield code="e">pn</subfield><subfield code="d">AEU</subfield></datafield><datafield ind1=" " ind2="4" tag="050"><subfield code="a">DA592</subfield></datafield><datafield ind1="0" ind2="4" tag="082"><subfield code="a">941.0857</subfield><subfield code="2">23</subfield></datafield><datafield ind1=" " ind2=" " tag="090"><subfield code="a">Internet Access</subfield><subfield code="b">AEU</subfield></datafield><datafield ind1="1" ind2=" " tag="100"><subfield code="a">Martin-L&#243;pez, Tara,</subfield><subfield code="e">author.</subfield></datafield><datafield ind1="1" ind2="4" tag="245"><subfield code="a">The winter of discontent :</subfield><subfield code="b">myth, memory, and history /</subfield><subfield code="c">Tara Martin-L&#243;pez and Sheila Rowbotham.</subfield></datafield><datafield ind1=" " ind2="1" tag="264"><subfield code="a">Liverpool :</subfield><subfield code="b">Liverpool University Press,</subfield><subfield code="c">2015.</subfield></datafield><datafield ind1=" " ind2=" " tag="300"><subfield code="a">1 online resource.</subfield></datafield><datafield ind1=" " ind2=" " tag="336"><subfield code="a">text</subfield><subfield code="2">rdacontent</subfield></datafield><datafield ind1=" " ind2=" " tag="337"><subfield code="a">computer</subfield><subfield code="2">rdamedia</subfield></datafield><datafield ind1=" " ind2=" " tag="338"><subfield code="a">online resource</subfield><subfield code="2">rdacarrier</subfield></datafield><datafield ind1="1" ind2=" " tag="490"><subfield code="a">Studies in labour history ;</subfield><subfield code="v">4</subfield></datafield><datafield ind1=" " ind2=" " tag="504"><subfield code="a">Includes bibliographical references and index.</subfield></datafield><datafield ind1=" " ind2=" " tag="506"><subfield code="a">Access restricted to authorized users and institutions.</subfield></datafield><datafield ind1="8" ind2=" " tag="520"><subfield code="a">A reassessment of the myth of the British 'Winter of Discontent', 1978-79, from the perspective of those involved, in particular, grassroots activists and the growing number of female activists.</subfield></datafield><datafield ind1=" " ind2=" " tag="588"><subfield code="a">Description based on online resource; title from home page (viewed on November 19, 2014).</subfield></datafield><datafield ind1=" " ind2=" " tag="596"><subfield code="a">44</subfield></datafield><datafield ind1="1" ind2="0" tag="600"><subfield code="a">Callaghan, James,</subfield><subfield code="d">1912-2005.</subfield></datafield><datafield ind1="1" ind2="0" tag="600"><subfield code="a">Thatcher, Margaret.</subfield></datafield><datafield ind1=" " ind2="0" tag="650"><subfield code="a">Strikes and lockouts</subfield><subfield code="z">Great Britain</subfield><subfield code="x">History</subfield><subfield code="y">20th century.</subfield></datafield><datafield ind1=" " ind2="0" tag="650"><subfield code="a">Industrial relations</subfield><subfield code="z">Great Britain</subfield><subfield code="x">History</subfield><subfield code="y">20th century.</subfield></datafield><datafield ind1=" " ind2="0" tag="651"><subfield code="a">Great Britain</subfield><subfield code="x">Politics and government</subfield><subfield code="y">1964-1979.</subfield></datafield><datafield ind1=" " ind2="0" tag="830"><subfield code="a">Studies in labour history ;</subfield><subfield code="v">4.</subfield></datafield><datafield ind1="4" ind2="0" tag="856"><subfield code="3">University of Alberta Access</subfield><subfield code="u">http://dx.doi.org/10.5949/liverpool/9781781380291.001.0001</subfield><subfield code="z">(Unlimited Concurrent Users)</subfield></datafield><datafield ind1=" " ind2=" " tag="949"><subfield code="h">UAIN</subfield><subfield code="z">UPSO</subfield></datafield><datafield ind1=" " ind2=" " tag="926"><subfield code="a">Internet Access</subfield><subfield code="w">LC</subfield><subfield code="c">1</subfield><subfield code="i">6799712-1001</subfield><subfield code="l">INTERNET</subfield><subfield code="m">UAINTERNET</subfield><subfield code="r">Y</subfield><subfield code="s">Y</subfield><subfield code="t">E-RESOURCE</subfield><subfield code="u">2/6/2015</subfield><subfield code="x">E-BOOK</subfield><subfield code="z">UPSO</subfield></datafield></record>